%YAML 1.1
%TAG !u! tag:unity3d.com,2011:
--- !u!241 &24100000
AudioMixerController:
  m_ObjectHideFlags: 0
  m_CorrespondingSourceObject: {fileID: 0}
  m_PrefabInstance: {fileID: 0}
  m_PrefabAsset: {fileID: 0}
  m_Name: Saloon
  m_OutputGroup: {fileID: 0}
  m_MasterGroup: {fileID: 24300002}
  m_Snapshots:
  - {fileID: 24500006}
  m_StartSnapshot: {fileID: 24500006}
  m_SuspendThreshold: -80
  m_EnableSuspend: 1
  m_UpdateMode: 0
  m_ExposedParameters:
  - guid: 64038579f95c6c242925cd1208d38e59
    name: Master
  - guid: c0e119c5832a5a7418f6025c2e89ccf8
    name: Music
  - guid: ccab31a97a981334eb495a038a140bf6
    name: SFX
  - guid: b62ee6a5cafae964c94bf2a8ae7f591b
    name: Voice
  m_AudioMixerGroupViews:
  - guids:
    - 0ce04e0ddd093e8459ae3e247bfc6bc5
    - 26b228b0d66c75f418ae30d80837bff2
    - 51b3c8a886ebb844a905dd86a62a5b1b
    - 618663232d56b484ca8387aaba8cab17
    - 1915ef441f76bd045adfb8f2b2c974d8
    - f36b7123fbedb804b950df8e5830c11c
    - 23a488683d59e1a4c9f9af20bb84efd4
    - 1787b5c2779369547a2f2b651184dd8c
    - 1586f5c36e7e1204a9b24c0ce468b9f9
    - 6604015689844e848953895e59b0d3d9
    - 15f5858a193c65146a8435753bdf7927
    - 8a5bd11fe443eba43ba346dfd9e21299
    - d9fc78f065a41284caeaf4be4d7741f7
    - 92d3e1b5b6fbf894497483c8ebd1ac9d
    - b75239698a4f3164db0ff5c6f8ae1963
    - b783c0925709fd84da8b2a1be6b75db8
    - a11b816f8ab8c0243aa0dfebd4aa8674
    - 23971cfb907e2f64bb80caf8be06ff9a
    - 448f39f8c3994564eb9b7372a3eeaf85
    - 1cab82d21fdb05f4fafbe6c7d6071897
    - 4ed48d16d6154164090b8c3e459733d4
    name: View
  m_CurrentViewIndex: 0
  m_TargetSnapshot: {fileID: 24500006}
--- !u!243 &24300002
AudioMixerGroupController:
  m_ObjectHideFlags: 0
  m_CorrespondingSourceObject: {fileID: 0}
  m_PrefabInstance: {fileID: 0}
  m_PrefabAsset: {fileID: 0}
  m_Name: Master
  m_AudioMixer: {fileID: 24100000}
  m_GroupID: 0ce04e0ddd093e8459ae3e247bfc6bc5
  m_Children:
  - {fileID: 243018598194493072}
  - {fileID: 243503250491703574}
  - {fileID: 243927374242894594}
  m_Volume: 64038579f95c6c242925cd1208d38e59
  m_Pitch: 787563ebc9fc78c48800e05b8225e148
  m_Effects:
  - {fileID: 24400004}
  m_UserColorIndex: 8
  m_Mute: 0
  m_Solo: 0
  m_BypassEffects: 0
--- !u!244 &24400004
AudioMixerEffectController:
  m_ObjectHideFlags: 3
  m_CorrespondingSourceObject: {fileID: 0}
  m_PrefabInstance: {fileID: 0}
  m_PrefabAsset: {fileID: 0}
  m_Name: 
  m_EffectID: 872bd79a97326704c9b5cc6650041736
  m_EffectName: Attenuation
  m_MixLevel: a640b3126fb936542b82f3daddea7d3f
  m_Parameters: []
  m_SendTarget: {fileID: 0}
  m_EnableWetMix: 0
  m_Bypass: 0
--- !u!245 &24500006
AudioMixerSnapshotController:
  m_ObjectHideFlags: 0
  m_CorrespondingSourceObject: {fileID: 0}
  m_PrefabInstance: {fileID: 0}
  m_PrefabAsset: {fileID: 0}
  m_Name: Snapshot
  m_AudioMixer: {fileID: 24100000}
  m_SnapshotID: 566950edf640f3044b024f55573fa3b1
  m_FloatValues:
    b51f3fa468e94e243aad846ab0df9a46: -2.018035
    58a954e56ec9d724fb91881acf904653: -17.938717
    97221a06437e29941ba18a5dfdb514c3: -18.592384
    17f41d1680dd5074a9bcb435b5306cbd: -1.7612991
    43bc936959a8f154f9e3036f812f4ce9: -22.003613
    ccab31a97a981334eb495a038a140bf6: 0.3945702
    a93147c983ec9034281ca79f3a48825b: -31.129898
  m_TransitionOverrides: {}
--- !u!243 &243017982214010380
AudioMixerGroupController:
  m_ObjectHideFlags: 0
  m_CorrespondingSourceObject: {fileID: 0}
  m_PrefabInstance: {fileID: 0}
  m_PrefabAsset: {fileID: 0}
  m_Name: Cards_SFX
  m_AudioMixer: {fileID: 24100000}
  m_GroupID: 1787b5c2779369547a2f2b651184dd8c
  m_Children: []
  m_Volume: 807a4ba50550cfc4ebb35b926b780968
  m_Pitch: 5579c7eebe505e24b9bfe7f38e623cc9
  m_Effects:
  - {fileID: 244632637319906186}
  m_UserColorIndex: 0
  m_Mute: 0
  m_Solo: 0
  m_BypassEffects: 0
--- !u!243 &243018598194493072
AudioMixerGroupController:
  m_ObjectHideFlags: 0
  m_CorrespondingSourceObject: {fileID: 0}
  m_PrefabInstance: {fileID: 0}
  m_PrefabAsset: {fileID: 0}
  m_Name: SFX
  m_AudioMixer: {fileID: 24100000}
  m_GroupID: 26b228b0d66c75f418ae30d80837bff2
  m_Children:
  - {fileID: 243656559845368896}
  - {fileID: 243386218779122704}
  - {fileID: 243602774240276412}
  - {fileID: 243464590870133458}
  - {fileID: 243269777932454304}
  - {fileID: 243235776814874158}
  - {fileID: 243998026441882076}
  - {fileID: 243419282311582372}
  - {fileID: 243935682387567334}
  - {fileID: 243615769130094208}
  - {fileID: 243871999352574562}
  - {fileID: 243636114181067718}
  - {fileID: 243017982214010380}
  - {fileID: 243611473093583476}
  - {fileID: 243949741677127794}
  - {fileID: 243890984907308352}
  - {fileID: 243809676587986136}
  m_Volume: ccab31a97a981334eb495a038a140bf6
  m_Pitch: 2341d77f77a3cdb49a85f0c020a1a6e4
  m_Effects:
  - {fileID: 244698541475826454}
  m_UserColorIndex: 1
  m_Mute: 0
  m_Solo: 0
  m_BypassEffects: 0
--- !u!243 &243235776814874158
AudioMixerGroupController:
  m_ObjectHideFlags: 0
  m_CorrespondingSourceObject: {fileID: 0}
  m_PrefabInstance: {fileID: 0}
  m_PrefabAsset: {fileID: 0}
  m_Name: HeartSFX
  m_AudioMixer: {fileID: 24100000}
  m_GroupID: 1586f5c36e7e1204a9b24c0ce468b9f9
  m_Children: []
  m_Volume: be5b89021f6c3e64f8d605c06d8a0283
  m_Pitch: 68e779481887f2146a894d70c04ef2d5
  m_Effects:
  - {fileID: 244799334235680020}
  m_UserColorIndex: 0
  m_Mute: 0
  m_Solo: 0
  m_BypassEffects: 0
--- !u!243 &243269777932454304
AudioMixerGroupController:
  m_ObjectHideFlags: 0
  m_CorrespondingSourceObject: {fileID: 0}
  m_PrefabInstance: {fileID: 0}
  m_PrefabAsset: {fileID: 0}
  m_Name: BulletSFX
  m_AudioMixer: {fileID: 24100000}
  m_GroupID: 15f5858a193c65146a8435753bdf7927
  m_Children: []
  m_Volume: 22a35cbc4299f1e4e9bbcfb0421e9d17
  m_Pitch: c5ae4b07687feda41afc77a0d6a8daa0
  m_Effects:
  - {fileID: 244311403659466752}
  m_UserColorIndex: 0
  m_Mute: 0
  m_Solo: 0
  m_BypassEffects: 0
--- !u!243 &243386218779122704
AudioMixerGroupController:
  m_ObjectHideFlags: 0
  m_CorrespondingSourceObject: {fileID: 0}
  m_PrefabInstance: {fileID: 0}
  m_PrefabAsset: {fileID: 0}
  m_Name: SFX_Pistol
  m_AudioMixer: {fileID: 24100000}
  m_GroupID: 92d3e1b5b6fbf894497483c8ebd1ac9d
  m_Children: []
  m_Volume: bbc088d7214c25b45911f87dbaff4874
  m_Pitch: a1f06b70a43c9d745902c23352fe6514
  m_Effects:
  - {fileID: 244104597076059124}
  m_UserColorIndex: 0
  m_Mute: 0
  m_Solo: 0
  m_BypassEffects: 0
--- !u!243 &243419282311582372
AudioMixerGroupController:
  m_ObjectHideFlags: 0
  m_CorrespondingSourceObject: {fileID: 0}
  m_PrefabInstance: {fileID: 0}
  m_PrefabAsset: {fileID: 0}
  m_Name: Shot_Pistol
  m_AudioMixer: {fileID: 24100000}
  m_GroupID: a11b816f8ab8c0243aa0dfebd4aa8674
  m_Children: []
  m_Volume: b51f3fa468e94e243aad846ab0df9a46
  m_Pitch: 6564e19a6348f1a449c82a7128da38c5
  m_Effects:
  - {fileID: 244287019999584584}
  m_UserColorIndex: 0
  m_Mute: 0
  m_Solo: 0
  m_BypassEffects: 0
--- !u!243 &243464590870133458
AudioMixerGroupController:
  m_ObjectHideFlags: 0
  m_CorrespondingSourceObject: {fileID: 0}
  m_PrefabInstance: {fileID: 0}
  m_PrefabAsset: {fileID: 0}
  m_Name: CoinSFX
  m_AudioMixer: {fileID: 24100000}
  m_GroupID: 8a5bd11fe443eba43ba346dfd9e21299
  m_Children: []
  m_Volume: 97ea0bdcd6cb9eb4badf34f3b5b2a227
  m_Pitch: 504d1a693eec5cf47abdb5a736a38407
  m_Effects:
  - {fileID: 244152705940865570}
  m_UserColorIndex: 0
  m_Mute: 0
  m_Solo: 0
  m_BypassEffects: 0
--- !u!243 &243503250491703574
AudioMixerGroupController:
  m_ObjectHideFlags: 0
  m_CorrespondingSourceObject: {fileID: 0}
  m_PrefabInstance: {fileID: 0}
  m_PrefabAsset: {fileID: 0}
  m_Name: Voices
  m_AudioMixer: {fileID: 24100000}
  m_GroupID: 51b3c8a886ebb844a905dd86a62a5b1b
  m_Children: []
  m_Volume: b62ee6a5cafae964c94bf2a8ae7f591b
  m_Pitch: f0b5a78b0b7eeec4ca1a286a5a057567
  m_Effects:
  - {fileID: 244472931489290452}
  m_UserColorIndex: 2
  m_Mute: 0
  m_Solo: 0
  m_BypassEffects: 0
--- !u!243 &243602774240276412
AudioMixerGroupController:
  m_ObjectHideFlags: 0
  m_CorrespondingSourceObject: {fileID: 0}
  m_PrefabInstance: {fileID: 0}
  m_PrefabAsset: {fileID: 0}
  m_Name: Clap_SFX
  m_AudioMixer: {fileID: 24100000}
  m_GroupID: b75239698a4f3164db0ff5c6f8ae1963
  m_Children: []
  m_Volume: f79282a19120924499d20cb42aa5d626
  m_Pitch: c44cb1f80830a9248bd3db5c706ee544
  m_Effects:
  - {fileID: 244181166917485578}
  m_UserColorIndex: 0
  m_Mute: 0
  m_Solo: 0
  m_BypassEffects: 0
--- !u!243 &243611473093583476
AudioMixerGroupController:
  m_ObjectHideFlags: 0
  m_CorrespondingSourceObject: {fileID: 0}
  m_PrefabInstance: {fileID: 0}
  m_PrefabAsset: {fileID: 0}
  m_Name: LocalAvatar
  m_AudioMixer: {fileID: 24100000}
  m_GroupID: 23a488683d59e1a4c9f9af20bb84efd4
  m_Children: []
  m_Volume: 73bcbb83c7775894e8e7d5422054466b
  m_Pitch: 64e3236454a147448a3a8fa22fb27d7f
  m_Effects:
  - {fileID: 244598304076602218}
  m_UserColorIndex: 0
  m_Mute: 0
  m_Solo: 0
  m_BypassEffects: 0
--- !u!243 &243615769130094208
AudioMixerGroupController:
  m_ObjectHideFlags: 0
  m_CorrespondingSourceObject: {fileID: 0}
  m_PrefabInstance: {fileID: 0}
  m_PrefabAsset: {fileID: 0}
  m_Name: UI buttons
  m_AudioMixer: {fileID: 24100000}
  m_GroupID: 618663232d56b484ca8387aaba8cab17
  m_Children: []
  m_Volume: c50f287c2849d2a4b833e6e1bfc57755
  m_Pitch: 24a45f9ce7280084583600dc91b3a782
  m_Effects:
  - {fileID: 244743012557896024}
  m_UserColorIndex: 0
  m_Mute: 0
  m_Solo: 0
  m_BypassEffects: 0
--- !u!243 &243636114181067718
AudioMixerGroupController:
  m_ObjectHideFlags: 0
  m_CorrespondingSourceObject: {fileID: 0}
  m_PrefabInstance: {fileID: 0}
  m_PrefabAsset: {fileID: 0}
  m_Name: NPC
  m_AudioMixer: {fileID: 24100000}
  m_GroupID: d9fc78f065a41284caeaf4be4d7741f7
  m_Children: []
  m_Volume: d6b9d9de73ea7c2419116b87c49ae9f6
  m_Pitch: 840e31f10b1ad3d4b8b0a4328b1f7670
  m_Effects:
  - {fileID: 244818389485435770}
  m_UserColorIndex: 0
  m_Mute: 0
  m_Solo: 0
  m_BypassEffects: 0
--- !u!243 &243656559845368896
AudioMixerGroupController:
  m_ObjectHideFlags: 0
  m_CorrespondingSourceObject: {fileID: 0}
  m_PrefabInstance: {fileID: 0}
  m_PrefabAsset: {fileID: 0}
  m_Name: Env_steps
  m_AudioMixer: {fileID: 24100000}
  m_GroupID: 4ed48d16d6154164090b8c3e459733d4
  m_Children: []
  m_Volume: 43bc936959a8f154f9e3036f812f4ce9
  m_Pitch: 98ad29620af52f94fbb2da48620bad45
  m_Effects:
  - {fileID: 244129582369474072}
  m_UserColorIndex: 6
  m_Mute: 0
  m_Solo: 0
  m_BypassEffects: 0
--- !u!243 &243809676587986136
AudioMixerGroupController:
  m_ObjectHideFlags: 0
  m_CorrespondingSourceObject: {fileID: 0}
  m_PrefabInstance: {fileID: 0}
  m_PrefabAsset: {fileID: 0}
  m_Name: Env_night
  m_AudioMixer: {fileID: 24100000}
  m_GroupID: 1cab82d21fdb05f4fafbe6c7d6071897
  m_Children: []
  m_Volume: a93147c983ec9034281ca79f3a48825b
  m_Pitch: e7ffbd8064b1c0b488273f91c30edafe
  m_Effects:
  - {fileID: 244872943784976582}
  m_UserColorIndex: 6
  m_Mute: 0
  m_Solo: 0
  m_BypassEffects: 0
--- !u!243 &243871999352574562
AudioMixerGroupController:
  m_ObjectHideFlags: 0
  m_CorrespondingSourceObject: {fileID: 0}
  m_PrefabInstance: {fileID: 0}
  m_PrefabAsset: {fileID: 0}
  m_Name: AFK_Pistols
  m_AudioMixer: {fileID: 24100000}
  m_GroupID: 1915ef441f76bd045adfb8f2b2c974d8
  m_Children: []
  m_Volume: 17f41d1680dd5074a9bcb435b5306cbd
  m_Pitch: c507f581eab33aa4da7d6f608ac3c0d5
  m_Effects:
  - {fileID: 244713288135597630}
  m_UserColorIndex: 0
  m_Mute: 0
  m_Solo: 0
  m_BypassEffects: 0
--- !u!243 &243890984907308352
AudioMixerGroupController:
  m_ObjectHideFlags: 0
  m_CorrespondingSourceObject: {fileID: 0}
  m_PrefabInstance: {fileID: 0}
  m_PrefabAsset: {fileID: 0}
  m_Name: Env_Wind
  m_AudioMixer: {fileID: 24100000}
  m_GroupID: 448f39f8c3994564eb9b7372a3eeaf85
  m_Children: []
  m_Volume: 97221a06437e29941ba18a5dfdb514c3
  m_Pitch: e2906229f138e4a4f8fc900ee9cd640d
  m_Effects:
  - {fileID: 244593299876961618}
  m_UserColorIndex: 6
  m_Mute: 0
  m_Solo: 0
  m_BypassEffects: 0
--- !u!243 &243927374242894594
AudioMixerGroupController:
  m_ObjectHideFlags: 0
  m_CorrespondingSourceObject: {fileID: 0}
  m_PrefabInstance: {fileID: 0}
  m_PrefabAsset: {fileID: 0}
  m_Name: Piano
  m_AudioMixer: {fileID: 24100000}
  m_GroupID: f36b7123fbedb804b950df8e5830c11c
  m_Children: []
  m_Volume: c0e119c5832a5a7418f6025c2e89ccf8
  m_Pitch: 6f86cd35586aa8e4ba58cdd6dd46b813
  m_Effects:
  - {fileID: 244757003186043240}
  m_UserColorIndex: 3
  m_Mute: 0
  m_Solo: 0
  m_BypassEffects: 0
--- !u!243 &243935682387567334
AudioMixerGroupController:
  m_ObjectHideFlags: 0
  m_CorrespondingSourceObject: {fileID: 0}
  m_PrefabInstance: {fileID: 0}
  m_PrefabAsset: {fileID: 0}
  m_Name: FindGame
  m_AudioMixer: {fileID: 24100000}
  m_GroupID: b783c0925709fd84da8b2a1be6b75db8
  m_Children: []
  m_Volume: d3082b5d32e82f24b8809d80c16c3d84
  m_Pitch: 6fee3145bba435c46af48bd8b206ad0f
  m_Effects:
  - {fileID: 244866315476291366}
  m_UserColorIndex: 0
  m_Mute: 0
  m_Solo: 0
  m_BypassEffects: 0
--- !u!243 &243949741677127794
AudioMixerGroupController:
  m_ObjectHideFlags: 0
  m_CorrespondingSourceObject: {fileID: 0}
  m_PrefabInstance: {fileID: 0}
  m_PrefabAsset: {fileID: 0}
  m_Name: Env_floor
  m_AudioMixer: {fileID: 24100000}
  m_GroupID: 23971cfb907e2f64bb80caf8be06ff9a
  m_Children: []
  m_Volume: 58a954e56ec9d724fb91881acf904653
  m_Pitch: 6440e50759809d648bf98c7b3099db5f
  m_Effects:
  - {fileID: 244587864532056564}
  m_UserColorIndex: 6
  m_Mute: 0
  m_Solo: 0
  m_BypassEffects: 0
--- !u!243 &243998026441882076
AudioMixerGroupController:
  m_ObjectHideFlags: 0
  m_CorrespondingSourceObject: {fileID: 0}
  m_PrefabInstance: {fileID: 0}
  m_PrefabAsset: {fileID: 0}
  m_Name: HeadExplotionSFX
  m_AudioMixer: {fileID: 24100000}
  m_GroupID: 6604015689844e848953895e59b0d3d9
  m_Children: []
  m_Volume: 8c130465bf92fac4083f5666fe7431c0
  m_Pitch: 2997dd7050013104c8a84d739841e733
  m_Effects:
  - {fileID: 244499822857650228}
  m_UserColorIndex: 0
  m_Mute: 0
  m_Solo: 0
  m_BypassEffects: 0
--- !u!244 &244104597076059124
AudioMixerEffectController:
  m_ObjectHideFlags: 3
  m_CorrespondingSourceObject: {fileID: 0}
  m_PrefabInstance: {fileID: 0}
  m_PrefabAsset: {fileID: 0}
  m_Name: 
  m_EffectID: bd116be0ac9036f48a8dbe7df8c6425a
  m_EffectName: Attenuation
  m_MixLevel: 7365c59020d122640afc7a902832875a
  m_Parameters: []
  m_SendTarget: {fileID: 0}
  m_EnableWetMix: 0
  m_Bypass: 0
--- !u!244 &244129582369474072
AudioMixerEffectController:
  m_ObjectHideFlags: 3
  m_CorrespondingSourceObject: {fileID: 0}
  m_PrefabInstance: {fileID: 0}
  m_PrefabAsset: {fileID: 0}
  m_Name: 
  m_EffectID: acf75f7615e0a934393e2b983b7a5a50
  m_EffectName: Attenuation
  m_MixLevel: 9dbd16660ff9b074396d12a255488f37
  m_Parameters: []
  m_SendTarget: {fileID: 0}
  m_EnableWetMix: 0
  m_Bypass: 0
--- !u!244 &244152705940865570
AudioMixerEffectController:
  m_ObjectHideFlags: 3
  m_CorrespondingSourceObject: {fileID: 0}
  m_PrefabInstance: {fileID: 0}
  m_PrefabAsset: {fileID: 0}
  m_Name: 
  m_EffectID: 34cfb3539ea38644d9295aa5152de519
  m_EffectName: Attenuation
  m_MixLevel: a355bb9245169994c9df26ea8a6b5d92
  m_Parameters: []
  m_SendTarget: {fileID: 0}
  m_EnableWetMix: 0
  m_Bypass: 0
--- !u!244 &244181166917485578
AudioMixerEffectController:
  m_ObjectHideFlags: 3
  m_CorrespondingSourceObject: {fileID: 0}
  m_PrefabInstance: {fileID: 0}
  m_PrefabAsset: {fileID: 0}
  m_Name: 
  m_EffectID: 4205e2ebb37b7a34398da095c3269067
  m_EffectName: Attenuation
  m_MixLevel: ea20033caac48f14495682b0c455365b
  m_Parameters: []
  m_SendTarget: {fileID: 0}
  m_EnableWetMix: 0
  m_Bypass: 0
--- !u!244 &244287019999584584
AudioMixerEffectController:
  m_ObjectHideFlags: 3
  m_CorrespondingSourceObject: {fileID: 0}
  m_PrefabInstance: {fileID: 0}
  m_PrefabAsset: {fileID: 0}
  m_Name: 
  m_EffectID: 1a33de4f179a55d4e988cb34f646a4e4
  m_EffectName: Attenuation
  m_MixLevel: d4b727d9b9c1b3f459ba050f09cea702
  m_Parameters: []
  m_SendTarget: {fileID: 0}
  m_EnableWetMix: 0
  m_Bypass: 0
--- !u!244 &244311403659466752
AudioMixerEffectController:
  m_ObjectHideFlags: 3
  m_CorrespondingSourceObject: {fileID: 0}
  m_PrefabInstance: {fileID: 0}
  m_PrefabAsset: {fileID: 0}
  m_Name: 
  m_EffectID: bd1d7fee73e0b5548b9f1c42dfde7412
  m_EffectName: Attenuation
  m_MixLevel: a5b9cbfa0767b064ba3cd82e6d9aea3e
  m_Parameters: []
  m_SendTarget: {fileID: 0}
  m_EnableWetMix: 0
  m_Bypass: 0
--- !u!244 &244472931489290452
AudioMixerEffectController:
  m_ObjectHideFlags: 3
  m_CorrespondingSourceObject: {fileID: 0}
  m_PrefabInstance: {fileID: 0}
  m_PrefabAsset: {fileID: 0}
  m_Name: 
  m_EffectID: 10fa71168181efe48b4d1ffd1286c1c3
  m_EffectName: Attenuation
  m_MixLevel: 151df50c0e6edfa4b9ad25fb2d08c7a5
  m_Parameters: []
  m_SendTarget: {fileID: 0}
  m_EnableWetMix: 0
  m_Bypass: 0
--- !u!244 &244499822857650228
AudioMixerEffectController:
  m_ObjectHideFlags: 3
  m_CorrespondingSourceObject: {fileID: 0}
  m_PrefabInstance: {fileID: 0}
  m_PrefabAsset: {fileID: 0}
  m_Name: 
  m_EffectID: d41c970f0dc9af64d8860c4986f8d8b7
  m_EffectName: Attenuation
  m_MixLevel: 8683a687f9d541142a5a01b5353987e4
  m_Parameters: []
  m_SendTarget: {fileID: 0}
  m_EnableWetMix: 0
  m_Bypass: 0
--- !u!244 &244587864532056564
AudioMixerEffectController:
  m_ObjectHideFlags: 3
  m_CorrespondingSourceObject: {fileID: 0}
  m_PrefabInstance: {fileID: 0}
  m_PrefabAsset: {fileID: 0}
  m_Name: 
  m_EffectID: cf7e2449c31bcdc4984240d2be0c0821
  m_EffectName: Attenuation
  m_MixLevel: d09550b8f8b84fe4f815aaa51a40729b
  m_Parameters: []
  m_SendTarget: {fileID: 0}
  m_EnableWetMix: 0
  m_Bypass: 0
--- !u!244 &244593299876961618
AudioMixerEffectController:
  m_ObjectHideFlags: 3
  m_CorrespondingSourceObject: {fileID: 0}
  m_PrefabInstance: {fileID: 0}
  m_PrefabAsset: {fileID: 0}
  m_Name: 
  m_EffectID: dec0e9c366dc4874b885eee1e5241bef
  m_EffectName: Attenuation
  m_MixLevel: e9c48e19194134b47beec3e95260cfb9
  m_Parameters: []
  m_SendTarget: {fileID: 0}
  m_EnableWetMix: 0
  m_Bypass: 0
--- !u!244 &244598304076602218
AudioMixerEffectController:
  m_ObjectHideFlags: 3
  m_CorrespondingSourceObject: {fileID: 0}
  m_PrefabInstance: {fileID: 0}
  m_PrefabAsset: {fileID: 0}
  m_Name: 
  m_EffectID: ccca65876a9a7ae4ba91ee32dc145524
  m_EffectName: Attenuation
  m_MixLevel: afa97a4d0eaf33247943c3f7945cc735
  m_Parameters: []
  m_SendTarget: {fileID: 0}
  m_EnableWetMix: 0
  m_Bypass: 0
--- !u!244 &244632637319906186
AudioMixerEffectController:
  m_ObjectHideFlags: 3
  m_CorrespondingSourceObject: {fileID: 0}
  m_PrefabInstance: {fileID: 0}
  m_PrefabAsset: {fileID: 0}
  m_Name: 
  m_EffectID: 8aee85eacc780de4f99e3022866af3a7
  m_EffectName: Attenuation
  m_MixLevel: 7a46756996032d4408028ad60416b46f
  m_Parameters: []
  m_SendTarget: {fileID: 0}
  m_EnableWetMix: 0
  m_Bypass: 0
--- !u!244 &244698541475826454
AudioMixerEffectController:
  m_ObjectHideFlags: 3
  m_CorrespondingSourceObject: {fileID: 0}
  m_PrefabInstance: {fileID: 0}
  m_PrefabAsset: {fileID: 0}
  m_Name: 
  m_EffectID: 1988c59b4eb0c9b49a3114500c9dbfe6
  m_EffectName: Attenuation
  m_MixLevel: 9ea2a038f6f68fe4f91c0a1408d50060
  m_Parameters: []
  m_SendTarget: {fileID: 0}
  m_EnableWetMix: 0
  m_Bypass: 0
--- !u!244 &244713288135597630
AudioMixerEffectController:
  m_ObjectHideFlags: 3
  m_CorrespondingSourceObject: {fileID: 0}
  m_PrefabInstance: {fileID: 0}
  m_PrefabAsset: {fileID: 0}
  m_Name: 
  m_EffectID: 3f21f07a4b392384194e71e4ce1aa7c8
  m_EffectName: Attenuation
  m_MixLevel: 1510b7c6c6eecd34d94ec75ea363d090
  m_Parameters: []
  m_SendTarget: {fileID: 0}
  m_EnableWetMix: 0
  m_Bypass: 0
--- !u!244 &244743012557896024
AudioMixerEffectController:
  m_ObjectHideFlags: 3
  m_CorrespondingSourceObject: {fileID: 0}
  m_PrefabInstance: {fileID: 0}
  m_PrefabAsset: {fileID: 0}
  m_Name: 
  m_EffectID: 4a9fc6a6fd2664241a9a18d87b905ce3
  m_EffectName: Attenuation
  m_MixLevel: 9b22c2655bb30b64da6fc8be7bf4c25d
  m_Parameters: []
  m_SendTarget: {fileID: 0}
  m_EnableWetMix: 0
  m_Bypass: 0
--- !u!244 &244757003186043240
AudioMixerEffectController:
  m_ObjectHideFlags: 3
  m_CorrespondingSourceObject: {fileID: 0}
  m_PrefabInstance: {fileID: 0}
  m_PrefabAsset: {fileID: 0}
  m_Name: 
  m_EffectID: 9887efb98c6d2d74294183f2a73d05ee
  m_EffectName: Attenuation
  m_MixLevel: a36403755d28261408f0ce03b9c4d7ec
  m_Parameters: []
  m_SendTarget: {fileID: 0}
  m_EnableWetMix: 0
  m_Bypass: 0
--- !u!244 &244799334235680020
AudioMixerEffectController:
  m_ObjectHideFlags: 3
  m_CorrespondingSourceObject: {fileID: 0}
  m_PrefabInstance: {fileID: 0}
  m_PrefabAsset: {fileID: 0}
  m_Name: 
  m_EffectID: b078d1e70b6d200408e1b137fb93cf7b
  m_EffectName: Attenuation
  m_MixLevel: d8cd041d5ce90054a8ebdaf98c2f1a83
  m_Parameters: []
  m_SendTarget: {fileID: 0}
  m_EnableWetMix: 0
  m_Bypass: 0
--- !u!244 &244818389485435770
AudioMixerEffectController:
  m_ObjectHideFlags: 3
  m_CorrespondingSourceObject: {fileID: 0}
  m_PrefabInstance: {fileID: 0}
  m_PrefabAsset: {fileID: 0}
  m_Name: 
  m_EffectID: 934f7d8fdb0ecab499e469763e262e4f
  m_EffectName: Attenuation
  m_MixLevel: 6c744e7bbdf2eb64e99c92f473700697
  m_Parameters: []
  m_SendTarget: {fileID: 0}
  m_EnableWetMix: 0
  m_Bypass: 0
--- !u!244 &244866315476291366
AudioMixerEffectController:
  m_ObjectHideFlags: 3
  m_CorrespondingSourceObject: {fileID: 0}
  m_PrefabInstance: {fileID: 0}
  m_PrefabAsset: {fileID: 0}
  m_Name: 
  m_EffectID: 4473307211bb26748af0b21a71647ed8
  m_EffectName: Attenuation
  m_MixLevel: 89f9f6fe40208694b82b63cf3308b987
  m_Parameters: []
  m_SendTarget: {fileID: 0}
  m_EnableWetMix: 0
  m_Bypass: 0
--- !u!244 &244872943784976582
AudioMixerEffectController:
  m_ObjectHideFlags: 3
  m_CorrespondingSourceObject: {fileID: 0}
  m_PrefabInstance: {fileID: 0}
  m_PrefabAsset: {fileID: 0}
  m_Name: 
  m_EffectID: c4d9620ec1fadd1479206ff4a46d9dae
  m_EffectName: Attenuation
  m_MixLevel: 9177657241a6b6447a8ce55f0554d0d6
  m_Parameters: []
  m_SendTarget: {fileID: 0}
  m_EnableWetMix: 0
  m_Bypass: 0
